@book{hillier2020,
	title={Introduction to Operations Research},
	author={Hillier, Frederick S. and Lieberman, Gerald J.},
	year={2020},
	publisher={McGraw-Hill}
}
@article{kirkland2021,
	title={Advances in Linear Programming Methods: A Modern Perspective},
	author={Kirkland, Sean and Zhou, Peng},
	journal={Journal of Optimization Theory and Applications},
	volume={189},
	number={2},
	pages={345--370},
	year={2021},
	publisher={Springer}
}
@article{garcia2022,
	title={A Comprehensive Review on the Applications of Linear Programming in Public Resource Allocation},
	author={Garcia, Maria and Fernandez, Luis},
	journal={Operations Research Perspectives},
	volume={9},
	pages={100--120},
	year={2022},
	publisher={Elsevier}
}
@article{smith2023,
	title={Recent Developments in Duality Theory and Sensitivity Analysis in Linear Programming},
	author={Smith, John A. and Chen, Rui},
	journal={European Journal of Operational Research},
	volume={305},
	number={3},
	pages={850--870},
	year={2023},
	publisher={Elsevier}
}
@article{williams2024,
	title={Modern Optimization Techniques for Resource Allocation in the Public Sector},
	author={Williams, Karen and Patel, Sunil},
	journal={Journal of Public Sector Management},
	volume={34},
	number={1},
	pages={55--75},
	year={2024},
	publisher={Taylor \& Francis}
}