@article{zhang2020,
	title={Feature Engineering for Machine Learning: Principles and Techniques},
	author={Zhang, Alice and Zhang, Bob},
	journal={Journal of Data Science},
	volume={15},
	number={3},
	pages={123--145},
	year={2020}
}

@book{breiman2001,
	title={Random Forests},
	author={Breiman, Leo},
	journal={Machine Learning},
	volume={45},
	number={1},
	pages={5--32},
	year={2001}
}

@article{bergstra2012,
	title={Random Search for Hyper-Parameter Optimization},
	author={Bergstra, James and Bengio, Yoshua},
	journal={Journal of Machine Learning Research},
	volume={13},
	pages={281--305},
	year={2012}
}

@article{sokolova2009,
	title={A Systematic Analysis of Performance Measures for Classification Tasks},
	author={Sokolova, Marina and Lapalme, Guy},
	journal={Information Processing \& Management},
	volume={45},
	number={4},
	pages={427--437},
	year={2009}
}